@book{book:01, place={Boston, MA}, title={Queuing Theory and Telecommunications Networks and Applications}, publisher={Springer US}, author={Giambene, Giovanni}, year={2014}}

@book{book:02, place={Boston}, title={Computer networks}, publisher={Pearson}, author={Tanenbaum, Andrew S. and Wetherall, David}, year={2014}}

@book{book:03, place={Cambridge}, title={An introduction to catastrophe theory}, publisher={Cambridge Univ. Press}, author={Saunders, Peter T.}, year={2003}}

@book{book:04, place={New York}, title={Handbook of simulation: principles, methodology, advances, applications, and practice}, publisher={John Wiley \& Sons Inc}, author={Banks, Jerry}, year={2007}}

@book{book:05, title={Data networks}, publisher={Prentice Hall}, author={Bertsekas, Dimitri P. and Gallager, Robert G.}, year={1992}} 

@book{book:06, place={Boston}, title={The art of computer programming Volume 2: seminumerical algorithms}, publisher={Addison-Wesley}, author={Knuth, D. E.}, year={1998}}

@book{book:07, place={Hoboken}, title={Statistical distributions}, publisher={Wiley}, author={Forbes, Catherine and Evans, Merran}, year={2010}}

@article{paper:01, title={An Analysis of Generalized Slotted-Aloha Protocols}, volume={17}, DOI={10.1109/tnet.2008.925633}, number={3}, journal={IEEE/ACM Transactions on Networking}, author={Ma, R.t.b. and Misra, V. and Rubenstein, D.}, year={2009}, pages={936–949}}

@article{paper:02, title={Analysis and Simulation Protocols Based on Slotted ALOHA for Plastic Optical Fiber Network}, DOI={10.1109/iscsct.2008.244}, journal={2008 International Symposium on Computer Science and Computational Technology}, author={Zhang, Ning and Liu, Ronghua}, year={2008}}

@article{paper:03, title={Theoretical Analysis of Slotted ALOHA, CSMA, and CSMA-CD Protocols}, DOI={10.1007/978-1-4612-4904-7_14}, journal={Communications and Networks}, author={Jenq, Yih-Chyun}, year={1986}, pages={325–346}}

@article{paper:04, title={Throughput evaluation of multichannel slotted Aloha-type protocols with receiver collisions}, volume={5}, DOI={10.1007/bf02112525}, number={2}, journal={Telecommunication Systems}, author={Pountourakis, Ioannis E.}, year={1996}, pages={413–419}}

@article{paper:05, title={Queueing analysis of slotted ALOHA with finite buffer capacity}, DOI={10.1109/glocom.1993.318253}, journal={Proceedings of GLOBECOM '93. IEEE Global Telecommunications Conference}, author={Al-Naami, R.}}

@article{paper:06, title={Generalized Slotted Aloha Revisited: A Throughput and Stability Analysis}, DOI={10.1007/978-981-287-990-5_1}, journal={Lecture Notes in Electrical Engineering Advances in Ubiquitous Networking}, author={Sabir, Essaid and Ezzahidi, Sidi Ahmed and Bouyakhf, El Houssine}, year={2016}, pages={3–15}}

@article{paper:07, title={Stability properties of slotted Aloha with multipacket reception capability}, volume={33}, DOI={10.1109/9.1272}, number={7}, journal={IEEE Transactions on Automatic Control}, author={Ghez, S. and Verdu, S. and Schwartz, S.c.}, year={1988}, pages={640–649}}

@article{paper:08, title={Performance analysis of multiple access protocols}, volume={10}, DOI={10.1016/0140-3664(87)90314-8}, number={1}, journal={Computer Communications}, author={Patel, A}, year={1987}, pages={39–40}}

@article{paper:09, title={Network control by Bayesian broadcast}, volume={33}, DOI={10.1109/tit.1987.1057315}, number={3}, journal={IEEE Transactions on Information Theory}, author={Rivest, R.}, year={1987}, pages={323–328}}

@article{paper:10, title={Equilibria of a noncooperative game for heterogeneous users of an ALOHA network}, volume={6}, DOI={10.1109/lcomm.2002.801326}, number={7}, journal={IEEE Communications Letters}, author={Jin, Youngmi and Kesidis, G.}, year={2002}, pages={282–284}}

@article{paper:11, title={Tables of linear congruential generators of different sizes and good lattice structure}, volume={68}, DOI={10.1090/s0025-5718-99-00996-5}, number={225}, journal={Mathematics of Computation}, author={L'ecuyer, Pierre}, year={1999}, month={Jan}, pages={249–261}}

@article{paper:12, title={Analytical Receiver Collisions Performance
Modeling of a Multi-channel Network}, DOI={978-1-5090-4865-6/17}, number={8}, journal={Proceedings of 2017 IEEE NW Russia Young Researchers in Electrical and Electronic Engineering Conference (EIConRusNW)}, author={P. Baziana, G. Fragkouli, E. Sykas}, year={2017}, month={Feb}}

@misc{wiki:01, title={Linear congruential generator}, url={https://en.wikipedia.org/wiki/Linear_congruential_generator}, journal={Wikipedia}, publisher={Wikimedia Foundation}, year={2017}, month={Mar}}

@misc{wiki:02, title={Mersenne Twister}, url={https://en.wikipedia.org/wiki/Mersenne_Twister}, journal={Wikipedia}, publisher={Wikimedia Foundation}, year={2017}, month={Mar}}

@misc{wiki:03, title={ALOHAnet}, url={https://en.wikipedia.org/wiki/ALOHAnet}, journal={Wikipedia}, publisher={Wikimedia Foundation}, year={2017}, month={Mar}} 